@article{McKeown,
 author = {McKeown, Nick},
 title = {The iSLIP scheduling algorithm for input-queued switches},
 journal = {IEEE/ACM Trans. Netw.},
 issue_date = {April 1999},
 volume = {7},
 number = {2},
 month = apr,
 year = {1999},
 issn = {1063-6692},
 pages = {188--201},
 numpages = {14},
 url = {http://dx.doi.org/10.1109/90.769767},
 doi = {10.1109/90.769767},
 acmid = {310896},
 publisher = {IEEE Press},
 address = {Piscataway, NJ, USA},
 keywords = {ATM switch, IP router, crossbar switch, input-queueing, scheduling},
} 

@book{Walrand_Varaiya,
  title = {High-performance communication networks},
  author = {Jean C. Walrand and Pravin Varaiya},
  year = {1996},
  tags = {C++},
  researchr = {http://researchr.org/publication/0084229},
  cites = {0},
  citedby = {0},
  publisher = {Morgan Kaufmann},
  isbn = {978-1-55860-341-7},
}

@ARTICLE{Hajek_van_Loon, 
author={Hajek, B. and van Loon, T.}, 
journal={Automatic Control, IEEE Transactions on}, title={Decentralized dynamic control of a multiaccess broadcast channel}, 
year={1982}, 
volume={27}, 
number={3}, 
pages={559-569}, 
keywords={Broadcast channels;Communication system control;Multiaccess communication;Packet switching;Broadcasting;Delay systems;Distributed control;Fluctuations;Helium;History;Information analysis;Performance analysis;Size control;Traffic control}, 
doi={10.1109/TAC.1982.1102978}, 
ISSN={0018-9286},}

@article{Fat_Trees,
 author = {Al-Fares, Mohammad and Loukissas, Alexander and Vahdat, Amin},
 title = {A scalable, commodity data center network architecture},
 journal = {SIGCOMM Comput. Commun. Rev.},
 issue_date = {October 2008},
 volume = {38},
 number = {4},
 month = aug,
 year = {2008},
 issn = {0146-4833},
 pages = {63--74},
 numpages = {12},
 url = {http://doi.acm.org/10.1145/1402946.1402967},
 doi = {10.1145/1402946.1402967},
 acmid = {1402967},
 publisher = {ACM},
 address = {New York, NY, USA},
 keywords = {data center topology, equal-cost routing},
} 

@inproceedings{Benson,
 author = {Benson, Theophilus and Akella, Aditya and Maltz, David A.},
 title = {Network traffic characteristics of data centers in the wild},
 booktitle = {Proceedings of the 10th ACM SIGCOMM conference on Internet measurement},
 series = {IMC '10},
 year = {2010},
 isbn = {978-1-4503-0483-2},
 location = {Melbourne, Australia},
 pages = {267--280},
 numpages = {14},
 url = {http://doi.acm.org/10.1145/1879141.1879175},
 doi = {10.1145/1879141.1879175},
 acmid = {1879175},
 publisher = {ACM},
 address = {New York, NY, USA},
 keywords = {characterization, data center traffic},
} 

@inproceedings{Kandula,
 author = {Kandula, Srikanth and Sengupta, Sudipta and Greenberg, Albert and Patel, Parveen and Chaiken, Ronnie},
 title = {The nature of data center traffic: measurements \& analysis},
 booktitle = {Proceedings of the 9th ACM SIGCOMM conference on Internet measurement conference},
 series = {IMC '09},
 year = {2009},
 isbn = {978-1-60558-771-4},
 location = {Chicago, Illinois, USA},
 pages = {202--208},
 numpages = {7},
 url = {http://doi.acm.org/10.1145/1644893.1644918},
 doi = {10.1145/1644893.1644918},
 acmid = {1644918},
 publisher = {ACM},
 address = {New York, NY, USA},
 keywords = {characterization, data center traffic, models, tomography},
} 

@article{VLB,
author = {Valiant, L.},
title = {A Scheme for Fast Parallel Communication},
journal = {SIAM Journal on Computing},
volume = {11},
number = {2},
pages = {350-361},
year = {1982},
doi = {10.1137/0211027},

URL = {http://epubs.siam.org/doi/abs/10.1137/0211027},
eprint = {http://epubs.siam.org/doi/pdf/10.1137/0211027}
}

@book{Libin,
  author = {Jiang, Libin and Walrand, Jean C.},
  biburl = {http://www.bibsonomy.org/bibtex/272e4494d8c2b5fca5fb110750594b1fc/dblp},
  booktitle = {Scheduling and Congestion Control for Wireless and Processing Networks},
  ee = {http://dx.doi.org/10.2200/S00270ED1V01Y201008CNT006},
   keywords = {dblp},
  publisher = {Morgan \& Claypool Publishers},
  series = {Synthesis Lectures on Communication Networks},
  timestamp = {2010-09-04T00:00:00.000+0200},
  title = {Scheduling and Congestion Control for Wireless and Processing Networks},
  url = {http://dx.doi.org/10.2200/S00270ED1V01Y201008CNT006},
  year = 2010
  }